<record><leader>00000cas a2200000 a 4500</leader><controlfield tag="001">33964634</controlfield><controlfield tag="008">951228d19021903fluwr ne      0    0spa c</controlfield><datafield ind1=" " ind2=" " tag="010"><subfield code="a">sn 95047433 </subfield></datafield><datafield ind1=" " ind2=" " tag="040"><subfield code="a">FUG</subfield><subfield code="b">eng</subfield><subfield code="c">FUG</subfield><subfield code="d">OCL</subfield><subfield code="d">OCLCQ</subfield><subfield code="d">OCLCF</subfield><subfield code="d">OCLCO</subfield></datafield><datafield ind1=" " ind2=" " tag="012"><subfield code="i">9512</subfield></datafield><datafield ind1="1" ind2=" " tag="029"><subfield code="a">AU@</subfield><subfield code="b">000012146336</subfield></datafield><datafield ind1=" " ind2=" " tag="042"><subfield code="a">pcc</subfield></datafield><datafield ind1=" " ind2=" " tag="043"><subfield code="a">n-us-fl</subfield></datafield><datafield ind1="0" ind2=" " tag="130"><subfield code="a">Federal (Tampa, Fla.)</subfield></datafield><datafield ind1="1" ind2="3" tag="245"><subfield code="a">El federal.</subfield></datafield><datafield ind1=" " ind2=" " tag="260"><subfield code="a">Tampa, Fla. :</subfield><subfield code="b">Centro Obrero,</subfield><subfield code="c">1902-1903.</subfield></datafield><datafield ind1=" " ind2=" " tag="300"><subfield code="a">1 v.</subfield></datafield><datafield ind1=" " ind2=" " tag="310"><subfield code="a">Weekly</subfield></datafield><datafield ind1="0" ind2=" " tag="362"><subfield code="a">An&#771;o 1, num. 1 (Marzo 28 de 1902)-an&#771;o 1, num. 41 (Enero 9 de 1902 [i.e. 1903]).</subfield></datafield><datafield ind1=" " ind2=" " tag="500"><subfield code="a">"Organo oficial de la 'Union Federal del Estado de Florida, ' Asociacion que se compone de los Gremios que se dedican a&#769; la Elaboracion del Tabaco Habano."</subfield></datafield><datafield ind1=" " ind2="0" tag="650"><subfield code="a">Cigar makers</subfield><subfield code="z">Florida.</subfield></datafield><datafield ind1=" " ind2="0" tag="650"><subfield code="a">Cubans</subfield><subfield code="z">Florida</subfield><subfield code="v">Newspapers.</subfield></datafield><datafield ind1=" " ind2="0" tag="650"><subfield code="a">Hispanic Americans</subfield><subfield code="z">Florida</subfield><subfield code="v">Newspapers.</subfield></datafield><datafield ind1=" " ind2="0" tag="650"><subfield code="a">Tobacco workers</subfield><subfield code="x">Labor unions</subfield><subfield code="z">Florida.</subfield></datafield><datafield ind1=" " ind2="0" tag="651"><subfield code="a">Tampa (Fla.)</subfield><subfield code="v">Newspapers.</subfield></datafield><datafield ind1=" " ind2="0" tag="651"><subfield code="a">Ybor City (Tampa, Fla.)</subfield><subfield code="v">Newspapers.</subfield></datafield><datafield ind1=" " ind2="0" tag="651"><subfield code="a">Hillsborough County (Fla.)</subfield><subfield code="v">Newspapers.</subfield></datafield><datafield ind1=" " ind2="7" tag="655"><subfield code="a">Newspapers.</subfield><subfield code="2">fast</subfield><subfield code="0">(OCoLC)fst01423814</subfield></datafield><datafield ind1=" " ind2="7" tag="650"><subfield code="a">Cigar makers.</subfield><subfield code="2">fast</subfield><subfield code="0">(OCoLC)fst00861329</subfield></datafield><datafield ind1=" " ind2="7" tag="650"><subfield code="a">Cubans.</subfield><subfield code="2">fast</subfield><subfield code="0">(OCoLC)fst00884834</subfield></datafield><datafield ind1=" " ind2="7" tag="650"><subfield code="a">Hispanic Americans.</subfield><subfield code="2">fast</subfield><subfield code="0">(OCoLC)fst00957523</subfield></datafield><datafield ind1=" " ind2="7" tag="650"><subfield code="a">Tobacco workers</subfield><subfield code="x">Labor unions.</subfield><subfield code="2">fast</subfield><subfield code="0">(OCoLC)fst01152012</subfield></datafield><datafield ind1=" " ind2="7" tag="651"><subfield code="a">Florida.</subfield><subfield code="2">fast</subfield><subfield code="0">(OCoLC)fst01205150</subfield></datafield><datafield ind1=" " ind2="7" tag="651"><subfield code="a">Florida</subfield><subfield code="z">Hillsborough County.</subfield><subfield code="2">fast</subfield><subfield code="0">(OCoLC)fst01210214</subfield></datafield><datafield ind1=" " ind2="7" tag="651"><subfield code="a">Florida</subfield><subfield code="z">Tampa.</subfield><subfield code="2">fast</subfield><subfield code="0">(OCoLC)fst01206282</subfield></datafield><datafield ind1=" " ind2="7" tag="651"><subfield code="a">Florida</subfield><subfield code="z">Tampa</subfield><subfield code="z">Ybor City.</subfield><subfield code="2">fast</subfield><subfield code="0">(OCoLC)fst01320892</subfield></datafield><datafield ind1=" " ind2=" " tag="752"><subfield code="a">United States</subfield><subfield code="b">Florida</subfield><subfield code="c">Hillsborough</subfield><subfield code="d">Tampa.</subfield></datafield><datafield ind1=" " ind2=" " tag="752"><subfield code="a">United States</subfield><subfield code="b">Florida</subfield><subfield code="c">Hillsborough</subfield><subfield code="d">Ybor City.</subfield></datafield><datafield ind1="0" ind2="0" tag="785"><subfield code="t">Boletin obrero</subfield><subfield code="w">(DLC)sn 95047434</subfield><subfield code="w">(OCoLC)33964635</subfield></datafield><datafield ind1=" " ind2=" " tag="850"><subfield code="a">FU</subfield></datafield></record>